@misc{hajij2020pagerank,
      title={PageRank and The K-Means Clustering Algorithm}, 
      author={Mustafa Hajij and Eyad Said and Robert Todd},
      year={2020},
      eprint={2005.04774},
      archivePrefix={arXiv},
      primaryClass={cs.LG}
}

@article{Das_Sarma_2015,
   title={Fast distributed PageRank computation},
   volume={561},
   ISSN={0304-3975},
   url={http://dx.doi.org/10.1016/j.tcs.2014.04.003},
   DOI={10.1016/j.tcs.2014.04.003},
   journal={Theoretical Computer Science},
   publisher={Elsevier BV},
   author={Das Sarma, Atish and Molla, Anisur Rahaman and Pandurangan, Gopal and Upfal, Eli},
   year={2015},
   month={Jan},
   pages={113â€“121}
}